<?xml version="1.0" encoding="UTF-8"?><collection xmlns="http://www.loc.gov/MARC21/slim"><record><leader>00394nam--2200121-i-4500</leader><controlfield tag="001">000003221</controlfield><controlfield tag="002">20161230</controlfield><controlfield tag="005">20161230201025</controlfield><controlfield tag="008">060222s1000------------r-----000-0-eng-d</controlfield><datafield ind1=" " ind2=" " tag="100"><subfield code="a">Cohen, Harry And Carmin, Itzhak J</subfield></datafield><datafield ind1=" " ind2=" " tag="245"><subfield code="a">Jews in the world of science. a biographical d ictionary of jews eminent in the natural and s ocial sciences</subfield></datafield><datafield ind1=" " ind2=" " tag="260"><subfield code="a">New York, Monde Publ., 1956</subfield></datafield><datafield ind1=" " ind2=" " tag="490"><subfield code="a">Xxiv+263p</subfield></datafield></record></collection>